<record><leader>00000cas a22000007a 4500</leader><controlfield tag="001">10946076</controlfield><controlfield tag="008">840713d19011942pauir ne      0   b0ger d</controlfield><controlfield tag="009">3770</controlfield><datafield ind1=" " ind2=" " tag="010"><subfield code="a">sn 84024545 </subfield></datafield><datafield ind1=" " ind2=" " tag="040"><subfield code="a">NPV</subfield><subfield code="b">eng</subfield><subfield code="c">NPV</subfield><subfield code="d">OCL</subfield><subfield code="d">NPH</subfield></datafield><datafield ind1="1" ind2=" " tag="029"><subfield code="a">AU@</subfield><subfield code="b">000025832219</subfield></datafield><datafield ind1=" " ind2=" " tag="042"><subfield code="a">msc</subfield></datafield><datafield ind1="0" ind2="0" tag="245"><subfield code="a">Volksblatt und Freiheits-Freund.</subfield></datafield><datafield ind1="0" ind2="0" tag="246"><subfield code="a">Volksblatt und Freiheits Freund</subfield></datafield><datafield ind1=" " ind2=" " tag="260"><subfield code="a">Pittsburg, Pa. :</subfield><subfield code="b">Neeb-Hirsch Pub. Co.,</subfield><subfield code="c">1901-1942.</subfield></datafield><datafield ind1=" " ind2=" " tag="300"><subfield code="a">v. ;</subfield><subfield code="c">58 cm.</subfield></datafield><datafield ind1=" " ind2=" " tag="310"><subfield code="a">Triweekly,</subfield><subfield code="b">Aug. 5, 1941-Jan. 10, 1942</subfield></datafield><datafield ind1=" " ind2=" " tag="321"><subfield code="a">Daily,</subfield><subfield code="b">Feb. 11, 1901-Dec. 12, 1937</subfield></datafield><datafield ind1=" " ind2=" " tag="321"><subfield code="a">Daily (except Sunday)</subfield><subfield code="b">Dec. 13, 1937-Aug. 2, 1941</subfield></datafield><datafield ind1="0" ind2=" " tag="362"><subfield code="a">11. Feb., 1901-10. Jan., 1942.</subfield></datafield><datafield ind1=" " ind2=" " tag="500"><subfield code="a">"Amtliches Blatt der Sta&#776;dte Pittsburg und Allegheny, und von Allegheny County."</subfield></datafield><datafield ind1=" " ind2=" " tag="500"><subfield code="a">Also published in a weekly edition.</subfield></datafield><datafield ind1=" " ind2=" " tag="500"><subfield code="a">Publishers: Volksblatt Pub. Co., 1929-&lt;1939&gt;; M. Haw, &lt;1940&gt;; E. Stockmann, &lt;Jan. 1941&gt;-1942.</subfield></datafield><datafield ind1=" " ind2=" " tag="515"><subfield code="a">Daily issues begin vol. numbering with &lt;97. Jahrg., Nr. 56 (7. Ma&#776;rz, 1931)&gt;; Sunday issues begin vol. numbering with 97. Jahrg., Nr. 1 (15. Ma&#776;rz, 1931).</subfield></datafield><datafield ind1=" " ind2=" " tag="550"><subfield code="a">Official organ of: German-American Federation of Pittsburgh and Allegheny County, &lt;1940&gt;-1942.</subfield></datafield><datafield ind1="2" ind2=" " tag="710"><subfield code="a">German-American Federation of Pittsburgh and Allegheny County.</subfield></datafield><datafield ind1=" " ind2=" " tag="752"><subfield code="a">United States</subfield><subfield code="b">Pennsylvania</subfield><subfield code="c">Allegheny</subfield><subfield code="d">Pittsburgh.</subfield></datafield><datafield ind1="0" ind2="4" tag="780"><subfield code="t">Freiheits-Freund (Pittsburgh, Pa. : 1865 : Daily)</subfield><subfield code="w">(DLC)sn 84026400</subfield></datafield><datafield ind1="0" ind2="4" tag="780"><subfield code="t">Pittsburger Volksblatt (Pittsburgh, Pa. : 1885 : Daily)</subfield><subfield code="w">(DLC)sn 860812374</subfield></datafield></record>